% my.bib
@Book{ref_1,
  author =       "P. Tolani and J. Haritsa",
  title =        {{XGrind: A Query-Friendly XML Compressor}},
  journal =      {Proc. of 18th IEEE Intl. Conf. on Data Engineering (ICDE)},
  month = 	 {February},
  year =         {2002},
  pages =	 {225-234}
}

@Book{ref_2,
  author =       "P. Tolani and J. Haritsa",
  title =        {{XGrind: A Query-Friendly XML Compressor}},
  journal =      {Proc. of 18th IEEE Intl. Conf. on Data Engineering (ICDE)},
  month = 	 {February},
  year =         {2002},
  pages =	 {225-234}
}

